<?xml version="1.0" encoding="UTF-8"?><collection xmlns="http://www.loc.gov/MARC21/slim"><record><leader>00524nam--2200193-i-4500</leader><controlfield tag="001">000020927</controlfield><controlfield tag="002">20161230</controlfield><controlfield tag="005">20170306185749</controlfield><controlfield tag="008">060222s1000------------r-----000-0-eng-d</controlfield><datafield ind1=" " ind2=" " tag="020"><subfield code="a">981-02-0</subfield></datafield><datafield ind1=" " ind2=" " tag="041"><subfield code="a">IFIN-HH</subfield></datafield><datafield ind1=" " ind2=" " tag="080"><subfield code="a">517.9</subfield></datafield><datafield ind1=" " ind2=" " tag="100"><subfield code="a">Konopelchenko, B. G</subfield></datafield><datafield ind1=" " ind2=" " tag="245"><subfield code="a">Introduction to multidimensional integrable equations. The inverse spectral transform in 2+1 dimensions</subfield></datafield><datafield ind1=" " ind2=" " tag="260"><subfield code="a">London</subfield><subfield code="c">1992</subfield></datafield><datafield ind1=" " ind2=" " tag="300"><subfield code="a">292 p</subfield></datafield><datafield ind1=" " ind2=" " tag="700"><subfield code="a">Gibbons, G. W</subfield></datafield><datafield ind1=" " ind2=" " tag="852"><subfield code="a">80274</subfield><subfield code="c">517.9</subfield></datafield><datafield ind1=" " ind2=" " tag="CAT"><subfield code="a">SYS</subfield><subfield code="c">20170306</subfield><subfield code="h">185749</subfield></datafield></record></collection>